@article{reguera2024dinophysis,
  title={Dinophysis, a highly specialized mixoplanktonic protist},
  author={Reguera, Beatriz and Garc{\'\i}a-Portela, Mar{\'\i}a and Velasco-Senovilla, Esther and Rial, Pilar and Escalera, Laura and D{\'\i}az, Patricio A and Rodr{\'\i}guez, Francisco},
  journal={Frontiers in Protistology},
  volume={1},
  pages={1328026},
  year={2024},
  publisher={Frontiers Media SA}
}
@article{beedessee2020integrated,
  title={Integrated omics unveil the secondary metabolic landscape of a basal dinoflagellate},
  author={Beedessee, Girish and Kubota, Takaaki and Arimoto, Asuka and Nishitsuji, Koki and Waller, Ross F and Hisata, Kanako and Yamasaki, Shinichi and Satoh, Noriyuki and Kobayashi, Jun’ichi and Shoguchi, Eiichi},
  journal={BMC biology},
  volume={18},
  pages={1--16},
  year={2020},
  publisher={Springer}
}
@article{wisecaver2011dinoflagellate,
  title={Dinoflagellate genome evolution},
  author={Wisecaver, Jennifer H and Hackett, Jeremiah D},
  journal={Annual review of microbiology},
  volume={65},
  number={1},
  pages={369--387},
  year={2011},
  publisher={Annual Reviews}
}
@article{wang2023transcriptome,
  title={Transcriptome profiling reveals a global response in harmful dinoflagellate Karlodinium veneficum to naturally-occurring bacterial algicides},
  author={Wang, Yanfei and Coyne, Kathryn J},
  journal={Frontiers in Marine Science},
  volume={10},
  pages={1112913},
  year={2023},
  publisher={Frontiers Media SA}
}
@article{bowazolo2023ribosome,
  title={Ribosome profiling in the Symbiodiniacean dinoflagellate Fugacium kawagutii shows coordinated protein synthesis of enzymes in different pathways at different times of day},
  author={Bowazolo, Carl and Morse, David},
  journal={Molecular Microbiology},
  volume={120},
  number={3},
  pages={462--471},
  year={2023},
  publisher={Wiley Online Library}
}
@article{gaonkar2023novo,
  title={De novo transcriptome assembly and gene annotation for the toxic dinoflagellate Dinophysis},
  author={Gaonkar, Chetan C and Campbell, Lisa},
  journal={Scientific Data},
  volume={10},
  number={1},
  pages={345},
  year={2023},
  publisher={Nature Publishing Group UK London}
}
@article{place2012karlodinium,
  title={Karlodinium veneficum—The little dinoflagellate with a big bite},
  author={Place, Allen R and Bowers, Holly A and Bachvaroff, Tsetvan R and Adolf, Jason E and Deeds, Jonathan R and Sheng, Jian},
  journal={Harmful Algae},
  volume={14},
  pages={179--195},
  year={2012},
  publisher={Elsevier}
}
@article{park2019revisiting,
  title={Revisiting the taxonomy of the “Dinophysis acuminata complex’’(Dinophyta)’},
  author={Park, Jeong Ha and Kim, Miran and Jeong, Hae Jin and Park, Myung Gil},
  journal={Harmful Algae},
  volume={88},
  pages={101657},
  year={2019},
  publisher={Elsevier}
}
@article{stern2014diversity,
  title={Diversity and plastid types in Dinophysis acuminata complex (Dinophyceae) in Scottish waters},
  author={Stern, RF and Amorim, AL and Bresnan, E},
  journal={Harmful Algae},
  volume={39},
  pages={223--231},
  year={2014},
  publisher={Elsevier}
}